

@misc{bordos,
  title={Handbook of categorical algebra. 2, volume 51 of Encyclopedia of Mathematics and its Applications},
  author={Borceux, Francis},
  year={1994},
  publisher={Cambridge University Press, Cambridge}
}

@article{sga1,
  title={Rev\^etements \'etales et groupe fondamental (SGA 1)},
  author={Grothendieck, Alexander and Raynaud, Michele},
  journal={arXiv preprint math/0206203},
  year={2002}
}

@article{sga4,
  title={SGA 4,(1963-64)},
  author={Artin, M and Grothendieck, A and Verdier, J},
  journal={Springer Lecture Notes in Mathematics},
  volume={270},
  year={1972}
}

@book{gabzis,
  title={Calculus of fractions and homotopy theory},
  author={Gabriel, Peter and Zisman, Michel},
  volume={6},
  year={1967},
  publisher={Springer}
}

@book{tesemi,
title={Tesis de Licenciatura: Una Generaliciaci\'on de la Teor\'ia de Ind-objetos de Grothendieck a 2-Categor\'ias},
  author={Descotte, Mar\'ia Emilia},
  year={2010},
  publisher={Universidad de Buenos Aires}
}
@article{whitney,
  title={The concept of manifold, 1850--1950},
  author={Scholz, Erhard},
  journal={History of topology},
  pages={25--64},
  year={1999},
  publisher={Dordrecht: Kluwer (in print)}
}
